@article{DBLP:journals/corr/abs-2010-11929,
  author    = {Alexey Dosovitskiy and
               Lucas Beyer and
               Alexander Kolesnikov and
               Dirk Weissenborn and
               Xiaohua Zhai and
               Thomas Unterthiner and
               Mostafa Dehghani and
               Matthias Minderer and
               Georg Heigold and
               Sylvain Gelly and
               Jakob Uszkoreit and
               Neil Houlsby},
  title     = {An Image is Worth 16x16 Words: Transformers for Image Recognition
               at Scale},
  journal   = {CoRR},
  volume    = {abs/2010.11929},
  year      = {2020},
  url       = {https://arxiv.org/abs/2010.11929},
  eprinttype = {arXiv},
  eprint    = {2010.11929},
  timestamp = {Fri, 20 Nov 2020 14:04:05 +0100},
  biburl    = {https://dblp.org/rec/journals/corr/abs-2010-11929.bib},
  bibsource = {dblp computer science bibliography, https://dblp.org}
}

@article{DBLP:journals/corr/abs-2010-15583,
  author    = {Javier R. Movellan and Prasad Gabbur},
  title     = {Probabilistic Transformers},
  journal   = {CoRR},
  volume    = {abs/2010.15583},
  year      = {2020},
  url       = {https://arxiv.org/abs/2010.15583},
  eprinttype = {arXiv},
  eprint    = {2010.15583},
  timestamp = {Tue, 03 Nov 2020 11:44:23 +0100},
  biburl    = {https://dblp.org/rec/journals/corr/abs-2010-15583.bib},
  bibsource = {dblp computer science bibliography, https://dblp.org}
}

@article{DBLP:journals/corr/abs-2110-08678,
  author    = {Tam Nguyen and
               Tan M. Nguyen and
               Dung Le and
               Khuong Nguyen and
               Anh Tran and
               Richard G. Baraniuk and
               Nhat Ho and
               Stanley J. Osher},
  title     = {Transformer with a Mixture of Gaussian Keys},
  journal   = {CoRR},
  volume    = {abs/2110.08678},
  year      = {2021},
  url       = {https://arxiv.org/abs/2110.08678},
  eprinttype = {arXiv},
  eprint    = {2110.08678},
  timestamp = {Fri, 22 Oct 2021 13:33:09 +0200},
  biburl    = {https://dblp.org/rec/journals/corr/abs-2110-08678.bib},
  bibsource = {dblp computer science bibliography, https://dblp.org}
}

@article{DBLP:journals/corr/VaswaniSPUJGKP17,
  author    = {Ashish Vaswani and
               Noam Shazeer and
               Niki Parmar and
               Jakob Uszkoreit and
               Llion Jones and
               Aidan N. Gomez and
               Lukasz Kaiser and
               Illia Polosukhin},
  title     = {Attention Is All You Need},
  journal   = {CoRR},
  volume    = {abs/1706.03762},
  year      = {2017},
  url       = {http://arxiv.org/abs/1706.03762},
  eprinttype = {arXiv},
  eprint    = {1706.03762},
  timestamp = {Sat, 23 Jan 2021 01:20:40 +0100},
  biburl    = {https://dblp.org/rec/journals/corr/VaswaniSPUJGKP17.bib},
  bibsource = {dblp computer science bibliography, https://dblp.org}
}

@article{li2022divit,
  title={DiVIT: Algorithm and architecture co-design of differential attention in vision transformer},
  author={Li, Yangfan and Hu, Yikun and Wu, Fan and Li, Kenli},
  journal={Journal of Systems Architecture},
  volume={128},
  pages={102520},
  year={2022},
  url={https://www.sciencedirect.com/science/article/abs/pii/S1383762122000868},
  publisher={Elsevier}
}

@article{liu2022ecoformer,
  title={Ecoformer: Energy-saving attention with linear complexity},
  author={Liu, Jing and Pan, Zizheng and He, Haoyu and Cai, Jianfei and Zhuang, Bohan},
  journal={arXiv preprint arXiv:2209.09004},
  year={2022},
  url={https://arxiv.org/pdf/2209.09004.pdf},
}

@inproceedings{ibrahim2022imagesig,
  title={ImageSig: A signature transform for ultra-lightweight image recognition},
  author={Ibrahim, Mohamed R and Lyons, Terry},
  booktitle={Proceedings of the IEEE/CVF Conference on Computer Vision and Pattern Recognition},
  pages={3649--3659},
  year={2022},
  url={https://openaccess.thecvf.com/content/CVPR2022W/EVW/papers/Ibrahim_ImageSig_A_Signature_Transform_for_Ultra-Lightweight_Image_Recognition_CVPRW_2022_paper.pdf}
}

@inproceedings{9790134,
  author={Cuenat, Stéphane and Couturier, Raphaël},
  booktitle={2022 2nd International Conference on Computer, Control and Robotics (ICCCR)}, 
  title={Convolutional Neural Network (CNN) vs Vision Transformer (ViT) for Digital Holography}, 
  year={2022},
  volume={},
  number={},
  pages={235-240},
  doi={10.1109/ICCCR54399.2022.9790134}
  }

@inproceedings{lecun1995convolutional,
  title={Convolutional neural networks for image processing},
  author={LeCun, Yann and Bengio, Yoshua and Hinton, Geoffrey},
  booktitle={Proceedings of the IEEE International Conference on Acoustics, Speech, and Signal Processing (ICASSP)},
  pages={147--151},
  year={1995},
  organization={IEEE}
}